%% This BibTeX bibliography file was created using BibDesk.
%% http://bibdesk.sourceforge.net/


%% Created for Manuel Graf at 2015-06-10 18:22:43 +0200 


%% Saved with string encoding Unicode (UTF-8) 



@misc{Gray2013,
	Author = {Stuart Gray},
	Date-Added = {2015-06-10 16:16:48 +0000},
	Date-Modified = {2015-06-10 16:20:47 +0000},
	Howpublished = {Honours Dissertation, Heriot-Watt University},
	Title = {The Extent of Physical Exercise and Motivations in Exergames},
	Year = {2013}}

@proceedings{ACM2010,
	Address = {Firenzy, Italy},
	Publisher = {ACM},
	Title = {{Proceedings of the international conference on Multimedia}},
	Year = 2010}

@inproceedings{Goe2010,
	Author = {{G{\"o}bel, Stefan}},
	Crossref = {ACM2010},
	Pages = {63 -- 66},
	Title = {{Serious games for health: personalized exergames}}}

@proceedings{BF2007,
	Author = {{Krista, West}},
	Title = {{Biofeedback}},
	Year = 2010}
